@book{high-low-pass-combined,
    title={Time Sequence Analysis in Geophysics},
    author={Kanasewich, E. R.},
    year={1981},
    publisher={University of Alberta Press},
    pages={260},
}
@online{hearing-range,
    title={The Physics Factbook},
    subtitle={Frequency Range of Human Hearing},
    author={Glenn Elert and Rizwan Choudhary},
    year={2004},
    url={http://hypertextbook.com/facts/2003/ChrisDAmbrose.shtml},
    urldate={2014-04-23},
}
@inreference{highpass-def,
    author={Richard A. Johnson and W. R. Lepage},
    booktitle={McGraw-Hill Encyclopedia of Science and Technology},
    title={Filter, electric},
    year={1960},
    publisher={McGraw-Hill Book Company},
    volume={5},
    pages={266--271}
}
